<record><leader>00000cas a2200000 a 4500</leader><controlfield tag="001">6906145</controlfield><controlfield tag="008">801106d19672013nyudn ne      0   a0eng c</controlfield><datafield ind1=" " ind2=" " tag="010"><subfield code="a">sn 86013905 </subfield></datafield><datafield ind1=" " ind2=" " tag="040"><subfield code="a">VOD</subfield><subfield code="b">eng</subfield><subfield code="c">VOD</subfield><subfield code="d">NSD</subfield><subfield code="d">OCL</subfield><subfield code="d">NPW</subfield><subfield code="d">NYG</subfield><subfield code="d">NSD</subfield><subfield code="d">CAS</subfield><subfield code="d">HUL</subfield><subfield code="d">CRL</subfield><subfield code="d">NST</subfield><subfield code="d">CRL</subfield><subfield code="d">HUL</subfield><subfield code="d">IUL</subfield><subfield code="d">NYS</subfield><subfield code="d">OCLCQ</subfield><subfield code="d">DLC</subfield><subfield code="d">OCLCQ</subfield><subfield code="d">CNU</subfield><subfield code="d">TULIB</subfield><subfield code="d">OCLCQ</subfield><subfield code="d">CUS</subfield><subfield code="d">OCLCF</subfield><subfield code="d">IUL</subfield><subfield code="d">OCLCO</subfield><subfield code="d">OCL</subfield><subfield code="d">VGM</subfield></datafield><datafield ind1=" " ind2=" " tag="012"><subfield code="b">3</subfield><subfield code="k">1</subfield><subfield code="m">1</subfield></datafield><datafield ind1=" " ind2=" " tag="019"><subfield code="a">12061796</subfield><subfield code="a">990409076</subfield><subfield code="a">994405479</subfield></datafield><datafield ind1=" " ind2=" " tag="022"><subfield code="a">0294-8052</subfield><subfield code="l">0294-8052</subfield><subfield code="2">7</subfield></datafield><datafield ind1="1" ind2=" " tag="029"><subfield code="a">NZ1</subfield><subfield code="b">4634130</subfield></datafield><datafield ind1="1" ind2=" " tag="029"><subfield code="a">AU@</subfield><subfield code="b">000004600868</subfield></datafield><datafield ind1="1" ind2=" " tag="029"><subfield code="a">AU@</subfield><subfield code="b">000022041259</subfield></datafield><datafield ind1=" " ind2=" " tag="030"><subfield code="a">IHTREH</subfield></datafield><datafield ind1=" " ind2=" " tag="032"><subfield code="a">128230</subfield><subfield code="b">USPS</subfield></datafield><datafield ind1=" " ind2=" " tag="037"><subfield code="b">IHT, 850 3rd Ave., New York, NY 10022</subfield></datafield><datafield ind1=" " ind2=" " tag="042"><subfield code="a">nsdp</subfield><subfield code="a">pcc</subfield></datafield><datafield ind1=" " ind2=" " tag="043"><subfield code="a">e-fr---</subfield></datafield><datafield ind1="0" ind2="0" tag="050"><subfield code="a">Newspaper</subfield></datafield><datafield ind1="1" ind2="4" tag="050"><subfield code="a">DC701</subfield><subfield code="b">.I57</subfield></datafield><datafield ind1=" " ind2="4" tag="082"><subfield code="a">071.471</subfield></datafield><datafield ind1="0" ind2=" " tag="210"><subfield code="a">Int. her. trib.</subfield></datafield><datafield ind1=" " ind2="0" tag="222"><subfield code="a">International herald tribune</subfield></datafield><datafield ind1="0" ind2="0" tag="245"><subfield code="a">International herald tribune.</subfield></datafield><datafield ind1=" " ind2=" " tag="260"><subfield code="3">1967-:</subfield><subfield code="a">Paris :</subfield><subfield code="b">International Herald Tribune,</subfield><subfield code="c">1967-</subfield></datafield><datafield ind1="3" ind2=" " tag="260"><subfield code="3">-2013:</subfield><subfield code="a">New York, NY :</subfield><subfield code="b">New York Times Company</subfield></datafield><datafield ind1=" " ind2=" " tag="300"><subfield code="a">v. :</subfield><subfield code="b">ill. ;</subfield><subfield code="c">56 cm.</subfield></datafield><datafield ind1=" " ind2=" " tag="310"><subfield code="a">Daily (except Sunday, Jan. 1, May 1, and Dec. 25),</subfield><subfield code="b">&lt;Mar. 21, 1989&gt;-October 14, 2013.</subfield></datafield><datafield ind1=" " ind2=" " tag="321"><subfield code="a">Daily (except Sunday)</subfield></datafield><datafield ind1="0" ind2=" " tag="362"><subfield code="a">No. 26,236 (May 22, 1967)-no. 40,618 (October 14, 2013).</subfield></datafield><datafield ind1=" " ind2=" " tag="500"><subfield code="a">Vols. for &lt;2003&gt;-2013: Global edition of the New York times.</subfield></datafield><datafield ind1=" " ind2=" " tag="500"><subfield code="a">Vols. for 1989-&lt;2003&gt; published with the New York times and the Washington post.</subfield></datafield><datafield ind1=" " ind2=" " tag="530"><subfield code="a">Also issued on microfilm by University Microfilms International.</subfield></datafield><datafield ind1=" " ind2=" " tag="588"><subfield code="a">Latest issue consulted: No. 40,618 (October 14, 2013).</subfield></datafield><datafield ind1=" " ind2="0" tag="651"><subfield code="a">Paris (France)</subfield><subfield code="v">Newspapers.</subfield></datafield><datafield ind1=" " ind2="0" tag="650"><subfield code="a">Americans</subfield><subfield code="z">France</subfield><subfield code="v">Newspapers.</subfield></datafield><datafield ind1=" " ind2="7" tag="650"><subfield code="a">Americans.</subfield><subfield code="2">fast</subfield><subfield code="0">(OCoLC)fst00807488</subfield></datafield><datafield ind1=" " ind2="7" tag="651"><subfield code="a">France.</subfield><subfield code="2">fast</subfield><subfield code="0">(OCoLC)fst01204289</subfield></datafield><datafield ind1=" " ind2="7" tag="651"><subfield code="a">France</subfield><subfield code="z">Paris.</subfield><subfield code="2">fast</subfield><subfield code="0">(OCoLC)fst01205283</subfield></datafield><datafield ind1=" " ind2="4" tag="651"><subfield code="a">Paris (France)</subfield><subfield code="v">Newspapers.</subfield></datafield><datafield ind1=" " ind2="7" tag="655"><subfield code="a">Newspapers.</subfield><subfield code="2">fast</subfield><subfield code="0">(OCoLC)fst01423814</subfield></datafield><datafield ind1=" " ind2=" " tag="752"><subfield code="a">France</subfield><subfield code="d">Paris.</subfield></datafield><datafield ind1="0" ind2=" " tag="775"><subfield code="t">International herald tribune (Tokyo ed.)</subfield><subfield code="w">(DLC)sn2006058072</subfield><subfield code="w">(OCoLC)66390076</subfield></datafield><datafield ind1="0" ind2="0" tag="780"><subfield code="t">New York herald tribune international, the Washington post</subfield><subfield code="w">(DLC)sn 88075812</subfield><subfield code="w">(OCoLC)18630784</subfield></datafield><datafield ind1="0" ind2="0" tag="785"><subfield code="t">International New York times</subfield><subfield code="x">2269-9740</subfield><subfield code="w">(DLC)  2013254386</subfield><subfield code="w">(OCoLC)861810083</subfield></datafield><datafield ind1=" " ind2=" " tag="850"><subfield code="a">IaU</subfield><subfield code="a">InU</subfield><subfield code="a">MH-KG</subfield></datafield><datafield ind1="4" ind2="1" tag="856"><subfield code="u">http://global.nytimes.com</subfield></datafield></record>